%YAML 1.1
%TAG !u! tag:unity3d.com,2011:
--- !u!29 &1
OcclusionCullingSettings:
  m_ObjectHideFlags: 0
  serializedVersion: 2
  m_OcclusionBakeSettings:
    smallestOccluder: 5
    smallestHole: 0.25
    backfaceThreshold: 100
  m_SceneGUID: 00000000000000000000000000000000
  m_OcclusionCullingData: {fileID: 0}
--- !u!104 &2
RenderSettings:
  m_ObjectHideFlags: 0
  serializedVersion: 9
  m_Fog: 0
  m_FogColor: {r: 0.5, g: 0.5, b: 0.5, a: 1}
  m_FogMode: 3
  m_FogDensity: 0.01
  m_LinearFogStart: 0
  m_LinearFogEnd: 300
  m_AmbientSkyColor: {r: 0.212, g: 0.227, b: 0.259, a: 1}
  m_AmbientEquatorColor: {r: 0.114, g: 0.125, b: 0.133, a: 1}
  m_AmbientGroundColor: {r: 0.047, g: 0.043, b: 0.035, a: 1}
  m_AmbientIntensity: 1
  m_AmbientMode: 3
  m_SubtractiveShadowColor: {r: 0.42, g: 0.478, b: 0.627, a: 1}
  m_SkyboxMaterial: {fileID: 0}
  m_HaloStrength: 0.5
  m_FlareStrength: 1
  m_FlareFadeSpeed: 3
  m_HaloTexture: {fileID: 0}
  m_SpotCookie: {fileID: 10001, guid: 0000000000000000e000000000000000, type: 0}
  m_DefaultReflectionMode: 0
  m_DefaultReflectionResolution: 128
  m_ReflectionBounces: 1
  m_ReflectionIntensity: 1
  m_CustomReflection: {fileID: 0}
  m_Sun: {fileID: 0}
  m_IndirectSpecularColor: {r: 0, g: 0, b: 0, a: 1}
  m_UseRadianceAmbientProbe: 0
--- !u!157 &3
LightmapSettings:
  m_ObjectHideFlags: 0
  serializedVersion: 11
  m_GIWorkflowMode: 1
  m_GISettings:
    serializedVersion: 2
    m_BounceScale: 1
    m_IndirectOutputScale: 1
    m_AlbedoBoost: 1
    m_EnvironmentLightingMode: 0
    m_EnableBakedLightmaps: 0
    m_EnableRealtimeLightmaps: 0
  m_LightmapEditorSettings:
    serializedVersion: 12
    m_Resolution: 2
    m_BakeResolution: 40
    m_AtlasSize: 1024
    m_AO: 0
    m_AOMaxDistance: 1
    m_CompAOExponent: 1
    m_CompAOExponentDirect: 0
    m_ExtractAmbientOcclusion: 0
    m_Padding: 2
    m_LightmapParameters: {fileID: 0}
    m_LightmapsBakeMode: 1
    m_TextureCompression: 1
    m_FinalGather: 0
    m_FinalGatherFiltering: 1
    m_FinalGatherRayCount: 256
    m_ReflectionCompression: 2
    m_MixedBakeMode: 2
    m_BakeBackend: 1
    m_PVRSampling: 1
    m_PVRDirectSampleCount: 32
    m_PVRSampleCount: 512
    m_PVRBounces: 2
    m_PVREnvironmentSampleCount: 256
    m_PVREnvironmentReferencePointCount: 2048
    m_PVRFilteringMode: 1
    m_PVRDenoiserTypeDirect: 1
    m_PVRDenoiserTypeIndirect: 1
    m_PVRDenoiserTypeAO: 1
    m_PVRFilterTypeDirect: 0
    m_PVRFilterTypeIndirect: 0
    m_PVRFilterTypeAO: 0
    m_PVREnvironmentMIS: 1
    m_PVRCulling: 1
    m_PVRFilteringGaussRadiusDirect: 1
    m_PVRFilteringGaussRadiusIndirect: 5
    m_PVRFilteringGaussRadiusAO: 2
    m_PVRFilteringAtrousPositionSigmaDirect: 0.5
    m_PVRFilteringAtrousPositionSigmaIndirect: 2
    m_PVRFilteringAtrousPositionSigmaAO: 1
    m_ExportTrainingData: 0
    m_TrainingDataDestination: TrainingData
    m_LightProbeSampleCountMultiplier: 4
  m_LightingDataAsset: {fileID: 0}
  m_UseShadowmask: 1
--- !u!196 &4
NavMeshSettings:
  serializedVersion: 2
  m_ObjectHideFlags: 0
  m_BuildSettings:
    serializedVersion: 2
    agentTypeID: 0
    agentRadius: 0.5
    agentHeight: 2
    agentSlope: 45
    agentClimb: 0.4
    ledgeDropHeight: 0
    maxJumpAcrossDistance: 0
    minRegionArea: 2
    manualCellSize: 0
    cellSize: 0.16666667
    manualTileSize: 0
    tileSize: 256
    accuratePlacement: 0
    debug:
      m_Flags: 0
  m_NavMeshData: {fileID: 0}
--- !u!1 &167984574 stripped
GameObject:
  m_CorrespondingSourceObject: {fileID: 5766897881561141540, guid: 8fd96fff1344d724191a1866da29ccc9,
    type: 3}
  m_PrefabInstance: {fileID: 1044422170}
  m_PrefabAsset: {fileID: 0}
--- !u!4 &167984580 stripped
Transform:
  m_CorrespondingSourceObject: {fileID: 5766897881899548354, guid: 8fd96fff1344d724191a1866da29ccc9,
    type: 3}
  m_PrefabInstance: {fileID: 1044422170}
  m_PrefabAsset: {fileID: 0}
--- !u!1 &284850945
GameObject:
  m_ObjectHideFlags: 0
  m_CorrespondingSourceObject: {fileID: 0}
  m_PrefabInstance: {fileID: 0}
  m_PrefabAsset: {fileID: 0}
  serializedVersion: 6
  m_Component:
  - component: {fileID: 284850949}
  - component: {fileID: 284850948}
  - component: {fileID: 284850947}
  - component: {fileID: 284850946}
  m_Layer: 0
  m_Name: Square
  m_TagString: Untagged
  m_Icon: {fileID: 0}
  m_NavMeshLayer: 0
  m_StaticEditorFlags: 0
  m_IsActive: 1
--- !u!50 &284850946
Rigidbody2D:
  serializedVersion: 4
  m_ObjectHideFlags: 0
  m_CorrespondingSourceObject: {fileID: 0}
  m_PrefabInstance: {fileID: 0}
  m_PrefabAsset: {fileID: 0}
  m_GameObject: {fileID: 284850945}
  m_BodyType: 2
  m_Simulated: 1
  m_UseFullKinematicContacts: 0
  m_UseAutoMass: 0
  m_Mass: 1
  m_LinearDrag: 0
  m_AngularDrag: 0.05
  m_GravityScale: 1
  m_Material: {fileID: 0}
  m_Interpolate: 0
  m_SleepingMode: 1
  m_CollisionDetection: 0
  m_Constraints: 0
--- !u!61 &284850947
BoxCollider2D:
  m_ObjectHideFlags: 0
  m_CorrespondingSourceObject: {fileID: 0}
  m_PrefabInstance: {fileID: 0}
  m_PrefabAsset: {fileID: 0}
  m_GameObject: {fileID: 284850945}
  m_Enabled: 1
  m_Density: 1
  m_Material: {fileID: 0}
  m_IsTrigger: 0
  m_UsedByEffector: 0
  m_UsedByComposite: 0
  m_Offset: {x: 0, y: 0}
  m_SpriteTilingProperty:
    border: {x: 0, y: 0, z: 0, w: 0}
    pivot: {x: 0.5, y: 0.5}
    oldSize: {x: 1, y: 1}
    newSize: {x: 1, y: 1}
    adaptiveTilingThreshold: 0.5
    drawMode: 0
    adaptiveTiling: 0
  m_AutoTiling: 0
  serializedVersion: 2
  m_Size: {x: 1, y: 1}
  m_EdgeRadius: 0
--- !u!212 &284850948
SpriteRenderer:
  m_ObjectHideFlags: 0
  m_CorrespondingSourceObject: {fileID: 0}
  m_PrefabInstance: {fileID: 0}
  m_PrefabAsset: {fileID: 0}
  m_GameObject: {fileID: 284850945}
  m_Enabled: 1
  m_CastShadows: 0
  m_ReceiveShadows: 0
  m_DynamicOccludee: 1
  m_MotionVectors: 1
  m_LightProbeUsage: 1
  m_ReflectionProbeUsage: 1
  m_RayTracingMode: 0
  m_RenderingLayerMask: 1
  m_RendererPriority: 0
  m_Materials:
  - {fileID: 10754, guid: 0000000000000000f000000000000000, type: 0}
  m_StaticBatchInfo:
    firstSubMesh: 0
    subMeshCount: 0
  m_StaticBatchRoot: {fileID: 0}
  m_ProbeAnchor: {fileID: 0}
  m_LightProbeVolumeOverride: {fileID: 0}
  m_ScaleInLightmap: 1
  m_ReceiveGI: 1
  m_PreserveUVs: 0
  m_IgnoreNormalsForChartDetection: 0
  m_ImportantGI: 0
  m_StitchLightmapSeams: 1
  m_SelectedEditorRenderState: 0
  m_MinimumChartSize: 4
  m_AutoUVMaxDistance: 0.5
  m_AutoUVMaxAngle: 89
  m_LightmapParameters: {fileID: 0}
  m_SortingLayerID: 0
  m_SortingLayer: 0
  m_SortingOrder: 0
  m_Sprite: {fileID: 21300000, guid: 93adda2a6515ddc4ca3ebef524b2d68c, type: 3}
  m_Color: {r: 1, g: 1, b: 1, a: 1}
  m_FlipX: 0
  m_FlipY: 0
  m_DrawMode: 0
  m_Size: {x: 1, y: 1}
  m_AdaptiveModeThreshold: 0.5
  m_SpriteTileMode: 0
  m_WasSpriteAssigned: 1
  m_MaskInteraction: 0
  m_SpriteSortPoint: 0
--- !u!4 &284850949
Transform:
  m_ObjectHideFlags: 0
  m_CorrespondingSourceObject: {fileID: 0}
  m_PrefabInstance: {fileID: 0}
  m_PrefabAsset: {fileID: 0}
  m_GameObject: {fileID: 284850945}
  m_LocalRotation: {x: -0, y: -0, z: -0, w: 1}
  m_LocalPosition: {x: -3.4208288, y: 2.5700269, z: 2.0292969}
  m_LocalScale: {x: 2.1253624, y: 10.6138, z: 1}
  m_Children: []
  m_Father: {fileID: 1314861659}
  m_RootOrder: 2
  m_LocalEulerAnglesHint: {x: 0, y: 0, z: 0}
--- !u!1001 &296206709
PrefabInstance:
  m_ObjectHideFlags: 0
  serializedVersion: 2
  m_Modification:
    m_TransformParent: {fileID: 2137910091}
    m_Modifications:
    - target: {fileID: 6979953828813520369, guid: 10d0da6afe147e84dbeebd76464c2f4e,
        type: 3}
      propertyPath: m_Name
      value: Contador
      objectReference: {fileID: 0}
    - target: {fileID: 6979953828813520370, guid: 10d0da6afe147e84dbeebd76464c2f4e,
        type: 3}
      propertyPath: m_LocalPosition.x
      value: 0
      objectReference: {fileID: 0}
    - target: {fileID: 6979953828813520370, guid: 10d0da6afe147e84dbeebd76464c2f4e,
        type: 3}
      propertyPath: m_LocalPosition.y
      value: 0
      objectReference: {fileID: 0}
    - target: {fileID: 6979953828813520370, guid: 10d0da6afe147e84dbeebd76464c2f4e,
        type: 3}
      propertyPath: m_LocalPosition.z
      value: 0
      objectReference: {fileID: 0}
    - target: {fileID: 6979953828813520370, guid: 10d0da6afe147e84dbeebd76464c2f4e,
        type: 3}
      propertyPath: m_LocalRotation.x
      value: 0
      objectReference: {fileID: 0}
    - target: {fileID: 6979953828813520370, guid: 10d0da6afe147e84dbeebd76464c2f4e,
        type: 3}
      propertyPath: m_LocalRotation.y
      value: 0
      objectReference: {fileID: 0}
    - target: {fileID: 6979953828813520370, guid: 10d0da6afe147e84dbeebd76464c2f4e,
        type: 3}
      propertyPath: m_LocalRotation.z
      value: 0
      objectReference: {fileID: 0}
    - target: {fileID: 6979953828813520370, guid: 10d0da6afe147e84dbeebd76464c2f4e,
        type: 3}
      propertyPath: m_LocalRotation.w
      value: 1
      objectReference: {fileID: 0}
    - target: {fileID: 6979953828813520370, guid: 10d0da6afe147e84dbeebd76464c2f4e,
        type: 3}
      propertyPath: m_RootOrder
      value: 3
      objectReference: {fileID: 0}
    - target: {fileID: 6979953828813520370, guid: 10d0da6afe147e84dbeebd76464c2f4e,
        type: 3}
      propertyPath: m_LocalEulerAnglesHint.x
      value: 0
      objectReference: {fileID: 0}
    - target: {fileID: 6979953828813520370, guid: 10d0da6afe147e84dbeebd76464c2f4e,
        type: 3}
      propertyPath: m_LocalEulerAnglesHint.y
      value: 0
      objectReference: {fileID: 0}
    - target: {fileID: 6979953828813520370, guid: 10d0da6afe147e84dbeebd76464c2f4e,
        type: 3}
      propertyPath: m_LocalEulerAnglesHint.z
      value: 0
      objectReference: {fileID: 0}
    - target: {fileID: 6979953828813520370, guid: 10d0da6afe147e84dbeebd76464c2f4e,
        type: 3}
      propertyPath: m_AnchoredPosition.x
      value: 2
      objectReference: {fileID: 0}
    - target: {fileID: 6979953828813520370, guid: 10d0da6afe147e84dbeebd76464c2f4e,
        type: 3}
      propertyPath: m_AnchoredPosition.y
      value: 226
      objectReference: {fileID: 0}
    - target: {fileID: 6979953828813520370, guid: 10d0da6afe147e84dbeebd76464c2f4e,
        type: 3}
      propertyPath: m_SizeDelta.x
      value: 59.450645
      objectReference: {fileID: 0}
    - target: {fileID: 6979953828813520370, guid: 10d0da6afe147e84dbeebd76464c2f4e,
        type: 3}
      propertyPath: m_SizeDelta.y
      value: 41.887154
      objectReference: {fileID: 0}
    - target: {fileID: 6979953828813520370, guid: 10d0da6afe147e84dbeebd76464c2f4e,
        type: 3}
      propertyPath: m_AnchorMin.x
      value: 0.5
      objectReference: {fileID: 0}
    - target: {fileID: 6979953828813520370, guid: 10d0da6afe147e84dbeebd76464c2f4e,
        type: 3}
      propertyPath: m_AnchorMin.y
      value: 0.5
      objectReference: {fileID: 0}
    - target: {fileID: 6979953828813520370, guid: 10d0da6afe147e84dbeebd76464c2f4e,
        type: 3}
      propertyPath: m_AnchorMax.x
      value: 0.5
      objectReference: {fileID: 0}
    - target: {fileID: 6979953828813520370, guid: 10d0da6afe147e84dbeebd76464c2f4e,
        type: 3}
      propertyPath: m_AnchorMax.y
      value: 0.5
      objectReference: {fileID: 0}
    - target: {fileID: 6979953828813520370, guid: 10d0da6afe147e84dbeebd76464c2f4e,
        type: 3}
      propertyPath: m_Pivot.x
      value: 0.5
      objectReference: {fileID: 0}
    - target: {fileID: 6979953828813520370, guid: 10d0da6afe147e84dbeebd76464c2f4e,
        type: 3}
      propertyPath: m_Pivot.y
      value: 0.5
      objectReference: {fileID: 0}
    m_RemovedComponents: []
  m_SourcePrefab: {fileID: 100100000, guid: 10d0da6afe147e84dbeebd76464c2f4e, type: 3}
--- !u!224 &296206710 stripped
RectTransform:
  m_CorrespondingSourceObject: {fileID: 6979953828813520370, guid: 10d0da6afe147e84dbeebd76464c2f4e,
    type: 3}
  m_PrefabInstance: {fileID: 296206709}
  m_PrefabAsset: {fileID: 0}
--- !u!1 &479410819
GameObject:
  m_ObjectHideFlags: 0
  m_CorrespondingSourceObject: {fileID: 0}
  m_PrefabInstance: {fileID: 0}
  m_PrefabAsset: {fileID: 0}
  serializedVersion: 6
  m_Component:
  - component: {fileID: 479410820}
  - component: {fileID: 479410822}
  - component: {fileID: 479410821}
  m_Layer: 5
  m_Name: Panel
  m_TagString: Untagged
  m_Icon: {fileID: 0}
  m_NavMeshLayer: 0
  m_StaticEditorFlags: 0
  m_IsActive: 1
--- !u!224 &479410820
RectTransform:
  m_ObjectHideFlags: 0
  m_CorrespondingSourceObject: {fileID: 0}
  m_PrefabInstance: {fileID: 0}
  m_PrefabAsset: {fileID: 0}
  m_GameObject: {fileID: 479410819}
  m_LocalRotation: {x: 0, y: 0, z: 0, w: 1}
  m_LocalPosition: {x: 0, y: 0, z: 0}
  m_LocalScale: {x: 1, y: 1, z: 1}
  m_Children: []
  m_Father: {fileID: 2137910091}
  m_RootOrder: 0
  m_LocalEulerAnglesHint: {x: 0, y: 0, z: 0}
  m_AnchorMin: {x: 0, y: 0}
  m_AnchorMax: {x: 1, y: 1}
  m_AnchoredPosition: {x: 0, y: 0}
  m_SizeDelta: {x: 0, y: 0}
  m_Pivot: {x: 0.5, y: 0.5}
--- !u!114 &479410821
MonoBehaviour:
  m_ObjectHideFlags: 0
  m_CorrespondingSourceObject: {fileID: 0}
  m_PrefabInstance: {fileID: 0}
  m_PrefabAsset: {fileID: 0}
  m_GameObject: {fileID: 479410819}
  m_Enabled: 1
  m_EditorHideFlags: 0
  m_Script: {fileID: 11500000, guid: fe87c0e1cc204ed48ad3b37840f39efc, type: 3}
  m_Name: 
  m_EditorClassIdentifier: 
  m_Material: {fileID: 0}
  m_Color: {r: 1, g: 1, b: 1, a: 1}
  m_RaycastTarget: 1
  m_Maskable: 1
  m_OnCullStateChanged:
    m_PersistentCalls:
      m_Calls: []
  m_Sprite: {fileID: 21300000, guid: 3831188630dac35408de09dd97bad95c, type: 3}
  m_Type: 0
  m_PreserveAspect: 0
  m_FillCenter: 1
  m_FillMethod: 4
  m_FillAmount: 1
  m_FillClockwise: 1
  m_FillOrigin: 0
  m_UseSpriteMesh: 0
  m_PixelsPerUnitMultiplier: 1
--- !u!222 &479410822
CanvasRenderer:
  m_ObjectHideFlags: 0
  m_CorrespondingSourceObject: {fileID: 0}
  m_PrefabInstance: {fileID: 0}
  m_PrefabAsset: {fileID: 0}
  m_GameObject: {fileID: 479410819}
  m_CullTransparentMesh: 0
--- !u!1 &512694617
GameObject:
  m_ObjectHideFlags: 0
  m_CorrespondingSourceObject: {fileID: 0}
  m_PrefabInstance: {fileID: 0}
  m_PrefabAsset: {fileID: 0}
  serializedVersion: 6
  m_Component:
  - component: {fileID: 512694620}
  - component: {fileID: 512694619}
  - component: {fileID: 512694618}
  m_Layer: 0
  m_Name: Main Camera
  m_TagString: MainCamera
  m_Icon: {fileID: 0}
  m_NavMeshLayer: 0
  m_StaticEditorFlags: 0
  m_IsActive: 1
--- !u!81 &512694618
AudioListener:
  m_ObjectHideFlags: 0
  m_CorrespondingSourceObject: {fileID: 0}
  m_PrefabInstance: {fileID: 0}
  m_PrefabAsset: {fileID: 0}
  m_GameObject: {fileID: 512694617}
  m_Enabled: 1
--- !u!20 &512694619
Camera:
  m_ObjectHideFlags: 0
  m_CorrespondingSourceObject: {fileID: 0}
  m_PrefabInstance: {fileID: 0}
  m_PrefabAsset: {fileID: 0}
  m_GameObject: {fileID: 512694617}
  m_Enabled: 1
  serializedVersion: 2
  m_ClearFlags: 1
  m_BackGroundColor: {r: 0.19215687, g: 0.3019608, b: 0.4745098, a: 0}
  m_projectionMatrixMode: 1
  m_GateFitMode: 2
  m_FOVAxisMode: 0
  m_SensorSize: {x: 36, y: 24}
  m_LensShift: {x: 0, y: 0}
  m_FocalLength: 50
  m_NormalizedViewPortRect:
    serializedVersion: 2
    x: 0
    y: 0
    width: 1
    height: 1
  near clip plane: 0.3
  far clip plane: 1000
  field of view: 60
  orthographic: 1
  orthographic size: 5.300212
  m_Depth: -1
  m_CullingMask:
    serializedVersion: 2
    m_Bits: 4294967295
  m_RenderingPath: -1
  m_TargetTexture: {fileID: 0}
  m_TargetDisplay: 0
  m_TargetEye: 3
  m_HDR: 1
  m_AllowMSAA: 1
  m_AllowDynamicResolution: 0
  m_ForceIntoRT: 0
  m_OcclusionCulling: 1
  m_StereoConvergence: 10
  m_StereoSeparation: 0.022
--- !u!4 &512694620
Transform:
  m_ObjectHideFlags: 0
  m_CorrespondingSourceObject: {fileID: 0}
  m_PrefabInstance: {fileID: 0}
  m_PrefabAsset: {fileID: 0}
  m_GameObject: {fileID: 512694617}
  m_LocalRotation: {x: -0, y: -0, z: -0, w: 1}
  m_LocalPosition: {x: 5.5491714, y: 2.3600268, z: -7.970703}
  m_LocalScale: {x: 1, y: 1, z: 1}
  m_Children: []
  m_Father: {fileID: 1314861659}
  m_RootOrder: 7
  m_LocalEulerAnglesHint: {x: 0, y: 0, z: 0}
--- !u!114 &721861664 stripped
MonoBehaviour:
  m_CorrespondingSourceObject: {fileID: 6979953828813520371, guid: 10d0da6afe147e84dbeebd76464c2f4e,
    type: 3}
  m_PrefabInstance: {fileID: 296206709}
  m_PrefabAsset: {fileID: 0}
  m_GameObject: {fileID: 0}
  m_Enabled: 1
  m_EditorHideFlags: 0
  m_Script: {fileID: 11500000, guid: 5f7201a12d95ffc409449d95f23cf332, type: 3}
  m_Name: 
  m_EditorClassIdentifier: 
--- !u!1001 &803051316
PrefabInstance:
  m_ObjectHideFlags: 0
  serializedVersion: 2
  m_Modification:
    m_TransformParent: {fileID: 2137910091}
    m_Modifications:
    - target: {fileID: 8896216013998897466, guid: 81f79d64210bc7840973a207b797f00f,
        type: 3}
      propertyPath: m_Name
      value: BonusSagat
      objectReference: {fileID: 0}
    - target: {fileID: 8896216013998897467, guid: 81f79d64210bc7840973a207b797f00f,
        type: 3}
      propertyPath: m_LocalPosition.x
      value: 0
      objectReference: {fileID: 0}
    - target: {fileID: 8896216013998897467, guid: 81f79d64210bc7840973a207b797f00f,
        type: 3}
      propertyPath: m_LocalPosition.y
      value: 0
      objectReference: {fileID: 0}
    - target: {fileID: 8896216013998897467, guid: 81f79d64210bc7840973a207b797f00f,
        type: 3}
      propertyPath: m_LocalPosition.z
      value: 0
      objectReference: {fileID: 0}
    - target: {fileID: 8896216013998897467, guid: 81f79d64210bc7840973a207b797f00f,
        type: 3}
      propertyPath: m_LocalRotation.x
      value: -0
      objectReference: {fileID: 0}
    - target: {fileID: 8896216013998897467, guid: 81f79d64210bc7840973a207b797f00f,
        type: 3}
      propertyPath: m_LocalRotation.y
      value: -0
      objectReference: {fileID: 0}
    - target: {fileID: 8896216013998897467, guid: 81f79d64210bc7840973a207b797f00f,
        type: 3}
      propertyPath: m_LocalRotation.z
      value: -0
      objectReference: {fileID: 0}
    - target: {fileID: 8896216013998897467, guid: 81f79d64210bc7840973a207b797f00f,
        type: 3}
      propertyPath: m_LocalRotation.w
      value: 1
      objectReference: {fileID: 0}
    - target: {fileID: 8896216013998897467, guid: 81f79d64210bc7840973a207b797f00f,
        type: 3}
      propertyPath: m_RootOrder
      value: 2
      objectReference: {fileID: 0}
    - target: {fileID: 8896216013998897467, guid: 81f79d64210bc7840973a207b797f00f,
        type: 3}
      propertyPath: m_LocalEulerAnglesHint.x
      value: 0
      objectReference: {fileID: 0}
    - target: {fileID: 8896216013998897467, guid: 81f79d64210bc7840973a207b797f00f,
        type: 3}
      propertyPath: m_LocalEulerAnglesHint.y
      value: 0
      objectReference: {fileID: 0}
    - target: {fileID: 8896216013998897467, guid: 81f79d64210bc7840973a207b797f00f,
        type: 3}
      propertyPath: m_LocalEulerAnglesHint.z
      value: 0
      objectReference: {fileID: 0}
    - target: {fileID: 8896216013998897467, guid: 81f79d64210bc7840973a207b797f00f,
        type: 3}
      propertyPath: m_AnchoredPosition.x
      value: 347
      objectReference: {fileID: 0}
    - target: {fileID: 8896216013998897467, guid: 81f79d64210bc7840973a207b797f00f,
        type: 3}
      propertyPath: m_AnchoredPosition.y
      value: 237
      objectReference: {fileID: 0}
    - target: {fileID: 8896216013998897467, guid: 81f79d64210bc7840973a207b797f00f,
        type: 3}
      propertyPath: m_SizeDelta.x
      value: 100
      objectReference: {fileID: 0}
    - target: {fileID: 8896216013998897467, guid: 81f79d64210bc7840973a207b797f00f,
        type: 3}
      propertyPath: m_SizeDelta.y
      value: 33
      objectReference: {fileID: 0}
    - target: {fileID: 8896216013998897467, guid: 81f79d64210bc7840973a207b797f00f,
        type: 3}
      propertyPath: m_AnchorMin.x
      value: 0.5
      objectReference: {fileID: 0}
    - target: {fileID: 8896216013998897467, guid: 81f79d64210bc7840973a207b797f00f,
        type: 3}
      propertyPath: m_AnchorMin.y
      value: 0.5
      objectReference: {fileID: 0}
    - target: {fileID: 8896216013998897467, guid: 81f79d64210bc7840973a207b797f00f,
        type: 3}
      propertyPath: m_AnchorMax.x
      value: 0.5
      objectReference: {fileID: 0}
    - target: {fileID: 8896216013998897467, guid: 81f79d64210bc7840973a207b797f00f,
        type: 3}
      propertyPath: m_AnchorMax.y
      value: 0.5
      objectReference: {fileID: 0}
    - target: {fileID: 8896216013998897467, guid: 81f79d64210bc7840973a207b797f00f,
        type: 3}
      propertyPath: m_Pivot.x
      value: 0.5
      objectReference: {fileID: 0}
    - target: {fileID: 8896216013998897467, guid: 81f79d64210bc7840973a207b797f00f,
        type: 3}
      propertyPath: m_Pivot.y
      value: 0.5
      objectReference: {fileID: 0}
    m_RemovedComponents: []
  m_SourcePrefab: {fileID: 100100000, guid: 81f79d64210bc7840973a207b797f00f, type: 3}
--- !u!224 &803051317 stripped
RectTransform:
  m_CorrespondingSourceObject: {fileID: 8896216013998897467, guid: 81f79d64210bc7840973a207b797f00f,
    type: 3}
  m_PrefabInstance: {fileID: 803051316}
  m_PrefabAsset: {fileID: 0}
--- !u!4 &910248159 stripped
Transform:
  m_CorrespondingSourceObject: {fileID: 1237194926842256583, guid: 249506dff334c9c49a306052ba581427,
    type: 3}
  m_PrefabInstance: {fileID: 937326905}
  m_PrefabAsset: {fileID: 0}
--- !u!1001 &937326905
PrefabInstance:
  m_ObjectHideFlags: 0
  serializedVersion: 2
  m_Modification:
    m_TransformParent: {fileID: 2137910091}
    m_Modifications:
    - target: {fileID: 1237194926842256577, guid: 249506dff334c9c49a306052ba581427,
        type: 3}
      propertyPath: m_Name
      value: Square (2)
      objectReference: {fileID: 0}
    - target: {fileID: 1237194926842256583, guid: 249506dff334c9c49a306052ba581427,
        type: 3}
      propertyPath: m_LocalPosition.x
      value: -9
      objectReference: {fileID: 0}
    - target: {fileID: 1237194926842256583, guid: 249506dff334c9c49a306052ba581427,
        type: 3}
      propertyPath: m_LocalPosition.y
      value: 299
      objectReference: {fileID: 0}
    - target: {fileID: 1237194926842256583, guid: 249506dff334c9c49a306052ba581427,
        type: 3}
      propertyPath: m_LocalPosition.z
      value: -2593.91
      objectReference: {fileID: 0}
    - target: {fileID: 1237194926842256583, guid: 249506dff334c9c49a306052ba581427,
        type: 3}
      propertyPath: m_LocalRotation.x
      value: -0
      objectReference: {fileID: 0}
    - target: {fileID: 1237194926842256583, guid: 249506dff334c9c49a306052ba581427,
        type: 3}
      propertyPath: m_LocalRotation.y
      value: -0
      objectReference: {fileID: 0}
    - target: {fileID: 1237194926842256583, guid: 249506dff334c9c49a306052ba581427,
        type: 3}
      propertyPath: m_LocalRotation.z
      value: -0
      objectReference: {fileID: 0}
    - target: {fileID: 1237194926842256583, guid: 249506dff334c9c49a306052ba581427,
        type: 3}
      propertyPath: m_LocalRotation.w
      value: 1
      objectReference: {fileID: 0}
    - target: {fileID: 1237194926842256583, guid: 249506dff334c9c49a306052ba581427,
        type: 3}
      propertyPath: m_RootOrder
      value: 9
      objectReference: {fileID: 0}
    - target: {fileID: 1237194926842256583, guid: 249506dff334c9c49a306052ba581427,
        type: 3}
      propertyPath: m_LocalEulerAnglesHint.x
      value: 0
      objectReference: {fileID: 0}
    - target: {fileID: 1237194926842256583, guid: 249506dff334c9c49a306052ba581427,
        type: 3}
      propertyPath: m_LocalEulerAnglesHint.y
      value: 0
      objectReference: {fileID: 0}
    - target: {fileID: 1237194926842256583, guid: 249506dff334c9c49a306052ba581427,
        type: 3}
      propertyPath: m_LocalEulerAnglesHint.z
      value: 0
      objectReference: {fileID: 0}
    m_RemovedComponents: []
  m_SourcePrefab: {fileID: 100100000, guid: 249506dff334c9c49a306052ba581427, type: 3}
--- !u!1001 &938234381
PrefabInstance:
  m_ObjectHideFlags: 0
  serializedVersion: 2
  m_Modification:
    m_TransformParent: {fileID: 1314861659}
    m_Modifications:
    - target: {fileID: 4700168726437316784, guid: 90d2a34be1b15274586c74eed1beaefd,
        type: 3}
      propertyPath: m_Name
      value: Enemigo
      objectReference: {fileID: 0}
    - target: {fileID: 4700168726437316786, guid: 90d2a34be1b15274586c74eed1beaefd,
        type: 3}
      propertyPath: m_LocalPosition.x
      value: 11.909172
      objectReference: {fileID: 0}
    - target: {fileID: 4700168726437316786, guid: 90d2a34be1b15274586c74eed1beaefd,
        type: 3}
      propertyPath: m_LocalPosition.y
      value: 0.12002683
      objectReference: {fileID: 0}
    - target: {fileID: 4700168726437316786, guid: 90d2a34be1b15274586c74eed1beaefd,
        type: 3}
      propertyPath: m_LocalPosition.z
      value: 2.0292969
      objectReference: {fileID: 0}
    - target: {fileID: 4700168726437316786, guid: 90d2a34be1b15274586c74eed1beaefd,
        type: 3}
      propertyPath: m_LocalRotation.x
      value: -0
      objectReference: {fileID: 0}
    - target: {fileID: 4700168726437316786, guid: 90d2a34be1b15274586c74eed1beaefd,
        type: 3}
      propertyPath: m_LocalRotation.y
      value: 1
      objectReference: {fileID: 0}
    - target: {fileID: 4700168726437316786, guid: 90d2a34be1b15274586c74eed1beaefd,
        type: 3}
      propertyPath: m_LocalRotation.z
      value: -0
      objectReference: {fileID: 0}
    - target: {fileID: 4700168726437316786, guid: 90d2a34be1b15274586c74eed1beaefd,
        type: 3}
      propertyPath: m_LocalRotation.w
      value: 0
      objectReference: {fileID: 0}
    - target: {fileID: 4700168726437316786, guid: 90d2a34be1b15274586c74eed1beaefd,
        type: 3}
      propertyPath: m_RootOrder
      value: 6
      objectReference: {fileID: 0}
    - target: {fileID: 4700168726437316786, guid: 90d2a34be1b15274586c74eed1beaefd,
        type: 3}
      propertyPath: m_LocalEulerAnglesHint.x
      value: 0
      objectReference: {fileID: 0}
    - target: {fileID: 4700168726437316786, guid: 90d2a34be1b15274586c74eed1beaefd,
        type: 3}
      propertyPath: m_LocalEulerAnglesHint.y
      value: 180
      objectReference: {fileID: 0}
    - target: {fileID: 4700168726437316786, guid: 90d2a34be1b15274586c74eed1beaefd,
        type: 3}
      propertyPath: m_LocalEulerAnglesHint.z
      value: 0
      objectReference: {fileID: 0}
    - target: {fileID: 4700168726437316787, guid: 90d2a34be1b15274586c74eed1beaefd,
        type: 3}
      propertyPath: jin
      value: 
      objectReference: {fileID: 167984574}
    - target: {fileID: 4700168726437316815, guid: 90d2a34be1b15274586c74eed1beaefd,
        type: 3}
      propertyPath: carteles.Array.size
      value: 2
      objectReference: {fileID: 0}
    - target: {fileID: 4700168726437316815, guid: 90d2a34be1b15274586c74eed1beaefd,
        type: 3}
      propertyPath: carteles.Array.data[0]
      value: 
      objectReference: {fileID: 8944324534433782019, guid: 802227d25ec5a474788e10f5e8916b6f,
        type: 3}
    - target: {fileID: 4700168726437316815, guid: 90d2a34be1b15274586c74eed1beaefd,
        type: 3}
      propertyPath: carteles.Array.data[1]
      value: 
      objectReference: {fileID: 4065512813747531286, guid: f7c413759f5ea024d96ee46c00f9c965,
        type: 3}
    - target: {fileID: 4700168726437316815, guid: 90d2a34be1b15274586c74eed1beaefd,
        type: 3}
      propertyPath: Texto
      value: 
      objectReference: {fileID: 1850183143}
    m_RemovedComponents: []
  m_SourcePrefab: {fileID: 100100000, guid: 90d2a34be1b15274586c74eed1beaefd, type: 3}
--- !u!1001 &1044422170
PrefabInstance:
  m_ObjectHideFlags: 0
  serializedVersion: 2
  m_Modification:
    m_TransformParent: {fileID: 1314861659}
    m_Modifications:
    - target: {fileID: 2242337531274529904, guid: 8fd96fff1344d724191a1866da29ccc9,
        type: 3}
      propertyPath: m_Name
      value: Jin
      objectReference: {fileID: 0}
    - target: {fileID: 2242337532030568015, guid: 8fd96fff1344d724191a1866da29ccc9,
        type: 3}
      propertyPath: m_LocalPosition.x
      value: -6.4912286
      objectReference: {fileID: 0}
    - target: {fileID: 2242337532030568015, guid: 8fd96fff1344d724191a1866da29ccc9,
        type: 3}
      propertyPath: m_LocalPosition.y
      value: 0.097465515
      objectReference: {fileID: 0}
    - target: {fileID: 2242337532030568015, guid: 8fd96fff1344d724191a1866da29ccc9,
        type: 3}
      propertyPath: m_LocalPosition.z
      value: -252.25977
      objectReference: {fileID: 0}
    - target: {fileID: 2242337532030568015, guid: 8fd96fff1344d724191a1866da29ccc9,
        type: 3}
      propertyPath: m_LocalRotation.x
      value: -0
      objectReference: {fileID: 0}
    - target: {fileID: 2242337532030568015, guid: 8fd96fff1344d724191a1866da29ccc9,
        type: 3}
      propertyPath: m_LocalRotation.y
      value: -0
      objectReference: {fileID: 0}
    - target: {fileID: 2242337532030568015, guid: 8fd96fff1344d724191a1866da29ccc9,
        type: 3}
      propertyPath: m_LocalRotation.z
      value: -0
      objectReference: {fileID: 0}
    - target: {fileID: 2242337532030568015, guid: 8fd96fff1344d724191a1866da29ccc9,
        type: 3}
      propertyPath: m_LocalRotation.w
      value: 1
      objectReference: {fileID: 0}
    - target: {fileID: 2242337532030568015, guid: 8fd96fff1344d724191a1866da29ccc9,
        type: 3}
      propertyPath: m_RootOrder
      value: 1
      objectReference: {fileID: 0}
    - target: {fileID: 2242337532030568015, guid: 8fd96fff1344d724191a1866da29ccc9,
        type: 3}
      propertyPath: m_LocalEulerAnglesHint.x
      value: 0
      objectReference: {fileID: 0}
    - target: {fileID: 2242337532030568015, guid: 8fd96fff1344d724191a1866da29ccc9,
        type: 3}
      propertyPath: m_LocalEulerAnglesHint.y
      value: 0
      objectReference: {fileID: 0}
    - target: {fileID: 2242337532030568015, guid: 8fd96fff1344d724191a1866da29ccc9,
        type: 3}
      propertyPath: m_LocalEulerAnglesHint.z
      value: 0
      objectReference: {fileID: 0}
    - target: {fileID: 3380749285866807723, guid: 8fd96fff1344d724191a1866da29ccc9,
        type: 3}
      propertyPath: carteles.Array.size
      value: 2
      objectReference: {fileID: 0}
    - target: {fileID: 3380749285866807723, guid: 8fd96fff1344d724191a1866da29ccc9,
        type: 3}
      propertyPath: enemigo
      value: 
      objectReference: {fileID: 2061267930}
    - target: {fileID: 3380749285866807723, guid: 8fd96fff1344d724191a1866da29ccc9,
        type: 3}
      propertyPath: carteles.Array.data[0]
      value: 
      objectReference: {fileID: 8944324534433782019, guid: 802227d25ec5a474788e10f5e8916b6f,
        type: 3}
    - target: {fileID: 3380749285866807723, guid: 8fd96fff1344d724191a1866da29ccc9,
        type: 3}
      propertyPath: carteles.Array.data[1]
      value: 
      objectReference: {fileID: 4065512813747531286, guid: f7c413759f5ea024d96ee46c00f9c965,
        type: 3}
    - target: {fileID: 3380749285866807723, guid: 8fd96fff1344d724191a1866da29ccc9,
        type: 3}
      propertyPath: Texto
      value: 
      objectReference: {fileID: 1850183143}
    - target: {fileID: 5766897881899548354, guid: 8fd96fff1344d724191a1866da29ccc9,
        type: 3}
      propertyPath: m_LocalPosition.x
      value: -0.6608286
      objectReference: {fileID: 0}
    - target: {fileID: 5766897881899548354, guid: 8fd96fff1344d724191a1866da29ccc9,
        type: 3}
      propertyPath: m_LocalPosition.y
      value: 0.25002694
      objectReference: {fileID: 0}
    - target: {fileID: 5766897881899548354, guid: 8fd96fff1344d724191a1866da29ccc9,
        type: 3}
      propertyPath: m_LocalPosition.z
      value: 2.0292969
      objectReference: {fileID: 0}
    - target: {fileID: 5766897881899548354, guid: 8fd96fff1344d724191a1866da29ccc9,
        type: 3}
      propertyPath: m_RootOrder
      value: 8
      objectReference: {fileID: 0}
    m_RemovedComponents: []
  m_SourcePrefab: {fileID: 100100000, guid: 8fd96fff1344d724191a1866da29ccc9, type: 3}
--- !u!1001 &1101140679
PrefabInstance:
  m_ObjectHideFlags: 0
  serializedVersion: 2
  m_Modification:
    m_TransformParent: {fileID: 2137910091}
    m_Modifications:
    - target: {fileID: 8277946115348628588, guid: 5f22d3fa420b361419a563ec36125b82,
        type: 3}
      propertyPath: m_LocalPosition.x
      value: 0
      objectReference: {fileID: 0}
    - target: {fileID: 8277946115348628588, guid: 5f22d3fa420b361419a563ec36125b82,
        type: 3}
      propertyPath: m_LocalPosition.y
      value: 0
      objectReference: {fileID: 0}
    - target: {fileID: 8277946115348628588, guid: 5f22d3fa420b361419a563ec36125b82,
        type: 3}
      propertyPath: m_LocalPosition.z
      value: 0
      objectReference: {fileID: 0}
    - target: {fileID: 8277946115348628588, guid: 5f22d3fa420b361419a563ec36125b82,
        type: 3}
      propertyPath: m_LocalRotation.x
      value: 0
      objectReference: {fileID: 0}
    - target: {fileID: 8277946115348628588, guid: 5f22d3fa420b361419a563ec36125b82,
        type: 3}
      propertyPath: m_LocalRotation.y
      value: 0
      objectReference: {fileID: 0}
    - target: {fileID: 8277946115348628588, guid: 5f22d3fa420b361419a563ec36125b82,
        type: 3}
      propertyPath: m_LocalRotation.z
      value: 0
      objectReference: {fileID: 0}
    - target: {fileID: 8277946115348628588, guid: 5f22d3fa420b361419a563ec36125b82,
        type: 3}
      propertyPath: m_LocalRotation.w
      value: 1
      objectReference: {fileID: 0}
    - target: {fileID: 8277946115348628588, guid: 5f22d3fa420b361419a563ec36125b82,
        type: 3}
      propertyPath: m_RootOrder
      value: 4
      objectReference: {fileID: 0}
    - target: {fileID: 8277946115348628588, guid: 5f22d3fa420b361419a563ec36125b82,
        type: 3}
      propertyPath: m_LocalEulerAnglesHint.x
      value: 0
      objectReference: {fileID: 0}
    - target: {fileID: 8277946115348628588, guid: 5f22d3fa420b361419a563ec36125b82,
        type: 3}
      propertyPath: m_LocalEulerAnglesHint.y
      value: 0
      objectReference: {fileID: 0}
    - target: {fileID: 8277946115348628588, guid: 5f22d3fa420b361419a563ec36125b82,
        type: 3}
      propertyPath: m_LocalEulerAnglesHint.z
      value: 0
      objectReference: {fileID: 0}
    - target: {fileID: 8277946115348628588, guid: 5f22d3fa420b361419a563ec36125b82,
        type: 3}
      propertyPath: m_AnchoredPosition.x
      value: -201
      objectReference: {fileID: 0}
    - target: {fileID: 8277946115348628588, guid: 5f22d3fa420b361419a563ec36125b82,
        type: 3}
      propertyPath: m_AnchoredPosition.y
      value: 189
      objectReference: {fileID: 0}
    - target: {fileID: 8277946115348628588, guid: 5f22d3fa420b361419a563ec36125b82,
        type: 3}
      propertyPath: m_SizeDelta.x
      value: 286.63406
      objectReference: {fileID: 0}
    - target: {fileID: 8277946115348628588, guid: 5f22d3fa420b361419a563ec36125b82,
        type: 3}
      propertyPath: m_SizeDelta.y
      value: 36.55942
      objectReference: {fileID: 0}
    - target: {fileID: 8277946115348628588, guid: 5f22d3fa420b361419a563ec36125b82,
        type: 3}
      propertyPath: m_AnchorMin.x
      value: 0.5
      objectReference: {fileID: 0}
    - target: {fileID: 8277946115348628588, guid: 5f22d3fa420b361419a563ec36125b82,
        type: 3}
      propertyPath: m_AnchorMin.y
      value: 0.5
      objectReference: {fileID: 0}
    - target: {fileID: 8277946115348628588, guid: 5f22d3fa420b361419a563ec36125b82,
        type: 3}
      propertyPath: m_AnchorMax.x
      value: 0.5
      objectReference: {fileID: 0}
    - target: {fileID: 8277946115348628588, guid: 5f22d3fa420b361419a563ec36125b82,
        type: 3}
      propertyPath: m_AnchorMax.y
      value: 0.5
      objectReference: {fileID: 0}
    - target: {fileID: 8277946115348628588, guid: 5f22d3fa420b361419a563ec36125b82,
        type: 3}
      propertyPath: m_Pivot.x
      value: 0.5
      objectReference: {fileID: 0}
    - target: {fileID: 8277946115348628588, guid: 5f22d3fa420b361419a563ec36125b82,
        type: 3}
      propertyPath: m_Pivot.y
      value: 0.5
      objectReference: {fileID: 0}
    - target: {fileID: 8277946115348628591, guid: 5f22d3fa420b361419a563ec36125b82,
        type: 3}
      propertyPath: m_Name
      value: Text
      objectReference: {fileID: 0}
    m_RemovedComponents: []
  m_SourcePrefab: {fileID: 100100000, guid: 5f22d3fa420b361419a563ec36125b82, type: 3}
--- !u!224 &1101140680 stripped
RectTransform:
  m_CorrespondingSourceObject: {fileID: 8277946115348628588, guid: 5f22d3fa420b361419a563ec36125b82,
    type: 3}
  m_PrefabInstance: {fileID: 1101140679}
  m_PrefabAsset: {fileID: 0}
--- !u!1 &1102795208
GameObject:
  m_ObjectHideFlags: 0
  m_CorrespondingSourceObject: {fileID: 0}
  m_PrefabInstance: {fileID: 0}
  m_PrefabAsset: {fileID: 0}
  serializedVersion: 6
  m_Component:
  - component: {fileID: 1102795210}
  - component: {fileID: 1102795209}
  - component: {fileID: 1102795212}
  - component: {fileID: 1102795211}
  - component: {fileID: 1102795213}
  m_Layer: 0
  m_Name: Suelo
  m_TagString: suelo
  m_Icon: {fileID: 0}
  m_NavMeshLayer: 0
  m_StaticEditorFlags: 0
  m_IsActive: 1
--- !u!212 &1102795209
SpriteRenderer:
  m_ObjectHideFlags: 0
  m_CorrespondingSourceObject: {fileID: 0}
  m_PrefabInstance: {fileID: 0}
  m_PrefabAsset: {fileID: 0}
  m_GameObject: {fileID: 1102795208}
  m_Enabled: 1
  m_CastShadows: 0
  m_ReceiveShadows: 0
  m_DynamicOccludee: 1
  m_MotionVectors: 1
  m_LightProbeUsage: 1
  m_ReflectionProbeUsage: 1
  m_RayTracingMode: 0
  m_RenderingLayerMask: 1
  m_RendererPriority: 0
  m_Materials:
  - {fileID: 10754, guid: 0000000000000000f000000000000000, type: 0}
  m_StaticBatchInfo:
    firstSubMesh: 0
    subMeshCount: 0
  m_StaticBatchRoot: {fileID: 0}
  m_ProbeAnchor: {fileID: 0}
  m_LightProbeVolumeOverride: {fileID: 0}
  m_ScaleInLightmap: 1
  m_ReceiveGI: 1
  m_PreserveUVs: 0
  m_IgnoreNormalsForChartDetection: 0
  m_ImportantGI: 0
  m_StitchLightmapSeams: 1
  m_SelectedEditorRenderState: 0
  m_MinimumChartSize: 4
  m_AutoUVMaxDistance: 0.5
  m_AutoUVMaxAngle: 89
  m_LightmapParameters: {fileID: 0}
  m_SortingLayerID: 0
  m_SortingLayer: 0
  m_SortingOrder: 0
  m_Sprite: {fileID: 21300000, guid: f531d1eae2f47a54fa9f4facb3ff8d82, type: 3}
  m_Color: {r: 0.62352943, g: 1, b: 1, a: 0.7176471}
  m_FlipX: 0
  m_FlipY: 0
  m_DrawMode: 0
  m_Size: {x: 1, y: 1}
  m_AdaptiveModeThreshold: 0.5
  m_SpriteTileMode: 0
  m_WasSpriteAssigned: 1
  m_MaskInteraction: 0
  m_SpriteSortPoint: 0
--- !u!4 &1102795210
Transform:
  m_ObjectHideFlags: 0
  m_CorrespondingSourceObject: {fileID: 0}
  m_PrefabInstance: {fileID: 0}
  m_PrefabAsset: {fileID: 0}
  m_GameObject: {fileID: 1102795208}
  m_LocalRotation: {x: -0, y: -0, z: -0, w: 1}
  m_LocalPosition: {x: 5.6191716, y: -2.0199733, z: 2.0292969}
  m_LocalScale: {x: 15.939161, y: 1.8607055, z: 1}
  m_Children: []
  m_Father: {fileID: 1314861659}
  m_RootOrder: 5
  m_LocalEulerAnglesHint: {x: 0, y: 0, z: 0}
--- !u!61 &1102795211
BoxCollider2D:
  m_ObjectHideFlags: 0
  m_CorrespondingSourceObject: {fileID: 0}
  m_PrefabInstance: {fileID: 0}
  m_PrefabAsset: {fileID: 0}
  m_GameObject: {fileID: 1102795208}
  m_Enabled: 1
  m_Density: 1
  m_Material: {fileID: 0}
  m_IsTrigger: 1
  m_UsedByEffector: 1
  m_UsedByComposite: 0
  m_Offset: {x: 0, y: 0}
  m_SpriteTilingProperty:
    border: {x: 0, y: 0, z: 0, w: 0}
    pivot: {x: 0.5, y: 0.5}
    oldSize: {x: 1, y: 1}
    newSize: {x: 1, y: 1}
    adaptiveTilingThreshold: 0.5
    drawMode: 0
    adaptiveTiling: 0
  m_AutoTiling: 0
  serializedVersion: 2
  m_Size: {x: 1, y: 1}
  m_EdgeRadius: 0
--- !u!50 &1102795212
Rigidbody2D:
  serializedVersion: 4
  m_ObjectHideFlags: 0
  m_CorrespondingSourceObject: {fileID: 0}
  m_PrefabInstance: {fileID: 0}
  m_PrefabAsset: {fileID: 0}
  m_GameObject: {fileID: 1102795208}
  m_BodyType: 2
  m_Simulated: 1
  m_UseFullKinematicContacts: 0
  m_UseAutoMass: 0
  m_Mass: 1
  m_LinearDrag: 0
  m_AngularDrag: 0.05
  m_GravityScale: 1
  m_Material: {fileID: 0}
  m_Interpolate: 0
  m_SleepingMode: 1
  m_CollisionDetection: 0
  m_Constraints: 0
--- !u!249 &1102795213
AreaEffector2D:
  serializedVersion: 2
  m_ObjectHideFlags: 0
  m_CorrespondingSourceObject: {fileID: 0}
  m_PrefabInstance: {fileID: 0}
  m_PrefabAsset: {fileID: 0}
  m_GameObject: {fileID: 1102795208}
  m_Enabled: 1
  m_UseColliderMask: 1
  m_ColliderMask:
    serializedVersion: 2
    m_Bits: 4294967295
  m_UseGlobalAngle: 0
  m_ForceAngle: 90
  m_ForceMagnitude: 110
  m_ForceVariation: 0
  m_ForceTarget: 0
  m_Drag: 0
  m_AngularDrag: 0
--- !u!1001 &1176618329
PrefabInstance:
  m_ObjectHideFlags: 0
  serializedVersion: 2
  m_Modification:
    m_TransformParent: {fileID: 2137910091}
    m_Modifications:
    - target: {fileID: 6470273889716798689, guid: ea04b043020562c4888b9e36d3e63e86,
        type: 3}
      propertyPath: m_LocalPosition.x
      value: -456
      objectReference: {fileID: 0}
    - target: {fileID: 6470273889716798689, guid: ea04b043020562c4888b9e36d3e63e86,
        type: 3}
      propertyPath: m_LocalPosition.y
      value: 247
      objectReference: {fileID: 0}
    - target: {fileID: 6470273889716798689, guid: ea04b043020562c4888b9e36d3e63e86,
        type: 3}
      propertyPath: m_LocalPosition.z
      value: -2682.8142
      objectReference: {fileID: 0}
    - target: {fileID: 6470273889716798689, guid: ea04b043020562c4888b9e36d3e63e86,
        type: 3}
      propertyPath: m_LocalRotation.x
      value: -0
      objectReference: {fileID: 0}
    - target: {fileID: 6470273889716798689, guid: ea04b043020562c4888b9e36d3e63e86,
        type: 3}
      propertyPath: m_LocalRotation.y
      value: -0
      objectReference: {fileID: 0}
    - target: {fileID: 6470273889716798689, guid: ea04b043020562c4888b9e36d3e63e86,
        type: 3}
      propertyPath: m_LocalRotation.z
      value: -0
      objectReference: {fileID: 0}
    - target: {fileID: 6470273889716798689, guid: ea04b043020562c4888b9e36d3e63e86,
        type: 3}
      propertyPath: m_LocalRotation.w
      value: 1
      objectReference: {fileID: 0}
    - target: {fileID: 6470273889716798689, guid: ea04b043020562c4888b9e36d3e63e86,
        type: 3}
      propertyPath: m_RootOrder
      value: 7
      objectReference: {fileID: 0}
    - target: {fileID: 6470273889716798689, guid: ea04b043020562c4888b9e36d3e63e86,
        type: 3}
      propertyPath: m_LocalEulerAnglesHint.x
      value: 0
      objectReference: {fileID: 0}
    - target: {fileID: 6470273889716798689, guid: ea04b043020562c4888b9e36d3e63e86,
        type: 3}
      propertyPath: m_LocalEulerAnglesHint.y
      value: 0
      objectReference: {fileID: 0}
    - target: {fileID: 6470273889716798689, guid: ea04b043020562c4888b9e36d3e63e86,
        type: 3}
      propertyPath: m_LocalEulerAnglesHint.z
      value: 0
      objectReference: {fileID: 0}
    - target: {fileID: 6470273889716798691, guid: ea04b043020562c4888b9e36d3e63e86,
        type: 3}
      propertyPath: m_Name
      value: JinIcono
      objectReference: {fileID: 0}
    m_RemovedComponents: []
  m_SourcePrefab: {fileID: 100100000, guid: ea04b043020562c4888b9e36d3e63e86, type: 3}
--- !u!4 &1176618330 stripped
Transform:
  m_CorrespondingSourceObject: {fileID: 6470273889716798689, guid: ea04b043020562c4888b9e36d3e63e86,
    type: 3}
  m_PrefabInstance: {fileID: 1176618329}
  m_PrefabAsset: {fileID: 0}
--- !u!1001 &1218654719
PrefabInstance:
  m_ObjectHideFlags: 0
  serializedVersion: 2
  m_Modification:
    m_TransformParent: {fileID: 2137910091}
    m_Modifications:
    - target: {fileID: 2579535466616592293, guid: 6f3758a526e5fe24ab7c4fa8806b74e7,
        type: 3}
      propertyPath: m_Name
      value: BarraDeVidaSagat
      objectReference: {fileID: 0}
    - target: {fileID: 6472757077372334676, guid: 6f3758a526e5fe24ab7c4fa8806b74e7,
        type: 3}
      propertyPath: m_LocalPosition.x
      value: 0
      objectReference: {fileID: 0}
    - target: {fileID: 6472757077372334676, guid: 6f3758a526e5fe24ab7c4fa8806b74e7,
        type: 3}
      propertyPath: m_LocalPosition.y
      value: 0
      objectReference: {fileID: 0}
    - target: {fileID: 6472757077372334676, guid: 6f3758a526e5fe24ab7c4fa8806b74e7,
        type: 3}
      propertyPath: m_LocalPosition.z
      value: 0
      objectReference: {fileID: 0}
    - target: {fileID: 6472757077372334676, guid: 6f3758a526e5fe24ab7c4fa8806b74e7,
        type: 3}
      propertyPath: m_LocalRotation.x
      value: 0
      objectReference: {fileID: 0}
    - target: {fileID: 6472757077372334676, guid: 6f3758a526e5fe24ab7c4fa8806b74e7,
        type: 3}
      propertyPath: m_LocalRotation.y
      value: 0
      objectReference: {fileID: 0}
    - target: {fileID: 6472757077372334676, guid: 6f3758a526e5fe24ab7c4fa8806b74e7,
        type: 3}
      propertyPath: m_LocalRotation.z
      value: 0
      objectReference: {fileID: 0}
    - target: {fileID: 6472757077372334676, guid: 6f3758a526e5fe24ab7c4fa8806b74e7,
        type: 3}
      propertyPath: m_LocalRotation.w
      value: 1
      objectReference: {fileID: 0}
    - target: {fileID: 6472757077372334676, guid: 6f3758a526e5fe24ab7c4fa8806b74e7,
        type: 3}
      propertyPath: m_RootOrder
      value: 6
      objectReference: {fileID: 0}
    - target: {fileID: 6472757077372334676, guid: 6f3758a526e5fe24ab7c4fa8806b74e7,
        type: 3}
      propertyPath: m_LocalEulerAnglesHint.x
      value: 0
      objectReference: {fileID: 0}
    - target: {fileID: 6472757077372334676, guid: 6f3758a526e5fe24ab7c4fa8806b74e7,
        type: 3}
      propertyPath: m_LocalEulerAnglesHint.y
      value: 0
      objectReference: {fileID: 0}
    - target: {fileID: 6472757077372334676, guid: 6f3758a526e5fe24ab7c4fa8806b74e7,
        type: 3}
      propertyPath: m_LocalEulerAnglesHint.z
      value: 0
      objectReference: {fileID: 0}
    - target: {fileID: 6472757077372334676, guid: 6f3758a526e5fe24ab7c4fa8806b74e7,
        type: 3}
      propertyPath: m_AnchoredPosition.x
      value: 25.63402
      objectReference: {fileID: 0}
    - target: {fileID: 6472757077372334676, guid: 6f3758a526e5fe24ab7c4fa8806b74e7,
        type: 3}
      propertyPath: m_AnchoredPosition.y
      value: 88
      objectReference: {fileID: 0}
    - target: {fileID: 6472757077372334676, guid: 6f3758a526e5fe24ab7c4fa8806b74e7,
        type: 3}
      propertyPath: m_SizeDelta.x
      value: 100
      objectReference: {fileID: 0}
    - target: {fileID: 6472757077372334676, guid: 6f3758a526e5fe24ab7c4fa8806b74e7,
        type: 3}
      propertyPath: m_SizeDelta.y
      value: 100
      objectReference: {fileID: 0}
    - target: {fileID: 6472757077372334676, guid: 6f3758a526e5fe24ab7c4fa8806b74e7,
        type: 3}
      propertyPath: m_AnchorMin.x
      value: 0.5
      objectReference: {fileID: 0}
    - target: {fileID: 6472757077372334676, guid: 6f3758a526e5fe24ab7c4fa8806b74e7,
        type: 3}
      propertyPath: m_AnchorMin.y
      value: 0.5
      objectReference: {fileID: 0}
    - target: {fileID: 6472757077372334676, guid: 6f3758a526e5fe24ab7c4fa8806b74e7,
        type: 3}
      propertyPath: m_AnchorMax.x
      value: 0.5
      objectReference: {fileID: 0}
    - target: {fileID: 6472757077372334676, guid: 6f3758a526e5fe24ab7c4fa8806b74e7,
        type: 3}
      propertyPath: m_AnchorMax.y
      value: 0.5
      objectReference: {fileID: 0}
    - target: {fileID: 6472757077372334676, guid: 6f3758a526e5fe24ab7c4fa8806b74e7,
        type: 3}
      propertyPath: m_Pivot.x
      value: 0.5
      objectReference: {fileID: 0}
    - target: {fileID: 6472757077372334676, guid: 6f3758a526e5fe24ab7c4fa8806b74e7,
        type: 3}
      propertyPath: m_Pivot.y
      value: 0.5
      objectReference: {fileID: 0}
    m_RemovedComponents: []
  m_SourcePrefab: {fileID: 100100000, guid: 6f3758a526e5fe24ab7c4fa8806b74e7, type: 3}
--- !u!224 &1218654720 stripped
RectTransform:
  m_CorrespondingSourceObject: {fileID: 6472757077372334676, guid: 6f3758a526e5fe24ab7c4fa8806b74e7,
    type: 3}
  m_PrefabInstance: {fileID: 1218654719}
  m_PrefabAsset: {fileID: 0}
--- !u!1 &1281850414
GameObject:
  m_ObjectHideFlags: 0
  m_CorrespondingSourceObject: {fileID: 0}
  m_PrefabInstance: {fileID: 0}
  m_PrefabAsset: {fileID: 0}
  serializedVersion: 6
  m_Component:
  - component: {fileID: 1281850418}
  - component: {fileID: 1281850417}
  - component: {fileID: 1281850416}
  - component: {fileID: 1281850415}
  m_Layer: 0
  m_Name: Square (1)
  m_TagString: Untagged
  m_Icon: {fileID: 0}
  m_NavMeshLayer: 0
  m_StaticEditorFlags: 0
  m_IsActive: 1
--- !u!50 &1281850415
Rigidbody2D:
  serializedVersion: 4
  m_ObjectHideFlags: 0
  m_CorrespondingSourceObject: {fileID: 0}
  m_PrefabInstance: {fileID: 0}
  m_PrefabAsset: {fileID: 0}
  m_GameObject: {fileID: 1281850414}
  m_BodyType: 2
  m_Simulated: 1
  m_UseFullKinematicContacts: 0
  m_UseAutoMass: 0
  m_Mass: 1
  m_LinearDrag: 0
  m_AngularDrag: 0.05
  m_GravityScale: 1
  m_Material: {fileID: 0}
  m_Interpolate: 0
  m_SleepingMode: 1
  m_CollisionDetection: 0
  m_Constraints: 0
--- !u!61 &1281850416
BoxCollider2D:
  m_ObjectHideFlags: 0
  m_CorrespondingSourceObject: {fileID: 0}
  m_PrefabInstance: {fileID: 0}
  m_PrefabAsset: {fileID: 0}
  m_GameObject: {fileID: 1281850414}
  m_Enabled: 1
  m_Density: 1
  m_Material: {fileID: 0}
  m_IsTrigger: 0
  m_UsedByEffector: 0
  m_UsedByComposite: 0
  m_Offset: {x: 0, y: 0}
  m_SpriteTilingProperty:
    border: {x: 0, y: 0, z: 0, w: 0}
    pivot: {x: 0.5, y: 0.5}
    oldSize: {x: 1, y: 1}
    newSize: {x: 1, y: 1}
    adaptiveTilingThreshold: 0.5
    drawMode: 0
    adaptiveTiling: 0
  m_AutoTiling: 0
  serializedVersion: 2
  m_Size: {x: 1, y: 1}
  m_EdgeRadius: 0
--- !u!212 &1281850417
SpriteRenderer:
  m_ObjectHideFlags: 0
  m_CorrespondingSourceObject: {fileID: 0}
  m_PrefabInstance: {fileID: 0}
  m_PrefabAsset: {fileID: 0}
  m_GameObject: {fileID: 1281850414}
  m_Enabled: 1
  m_CastShadows: 0
  m_ReceiveShadows: 0
  m_DynamicOccludee: 1
  m_MotionVectors: 1
  m_LightProbeUsage: 1
  m_ReflectionProbeUsage: 1
  m_RayTracingMode: 0
  m_RenderingLayerMask: 1
  m_RendererPriority: 0
  m_Materials:
  - {fileID: 10754, guid: 0000000000000000f000000000000000, type: 0}
  m_StaticBatchInfo:
    firstSubMesh: 0
    subMeshCount: 0
  m_StaticBatchRoot: {fileID: 0}
  m_ProbeAnchor: {fileID: 0}
  m_LightProbeVolumeOverride: {fileID: 0}
  m_ScaleInLightmap: 1
  m_ReceiveGI: 1
  m_PreserveUVs: 0
  m_IgnoreNormalsForChartDetection: 0
  m_ImportantGI: 0
  m_StitchLightmapSeams: 1
  m_SelectedEditorRenderState: 0
  m_MinimumChartSize: 4
  m_AutoUVMaxDistance: 0.5
  m_AutoUVMaxAngle: 89
  m_LightmapParameters: {fileID: 0}
  m_SortingLayerID: 0
  m_SortingLayer: 0
  m_SortingOrder: 0
  m_Sprite: {fileID: 21300000, guid: 93adda2a6515ddc4ca3ebef524b2d68c, type: 3}
  m_Color: {r: 1, g: 1, b: 1, a: 1}
  m_FlipX: 0
  m_FlipY: 0
  m_DrawMode: 0
  m_Size: {x: 1, y: 1}
  m_AdaptiveModeThreshold: 0.5
  m_SpriteTileMode: 0
  m_WasSpriteAssigned: 1
  m_MaskInteraction: 0
  m_SpriteSortPoint: 0
--- !u!4 &1281850418
Transform:
  m_ObjectHideFlags: 0
  m_CorrespondingSourceObject: {fileID: 0}
  m_PrefabInstance: {fileID: 0}
  m_PrefabAsset: {fileID: 0}
  m_GameObject: {fileID: 1281850414}
  m_LocalRotation: {x: -0, y: -0, z: -0, w: 1}
  m_LocalPosition: {x: 14.539171, y: 2.5800269, z: 2.0292969}
  m_LocalScale: {x: 2.1253624, y: 10.6138, z: 1}
  m_Children: []
  m_Father: {fileID: 1314861659}
  m_RootOrder: 1
  m_LocalEulerAnglesHint: {x: 0, y: 0, z: 0}
--- !u!1 &1314861658
GameObject:
  m_ObjectHideFlags: 0
  m_CorrespondingSourceObject: {fileID: 0}
  m_PrefabInstance: {fileID: 0}
  m_PrefabAsset: {fileID: 0}
  serializedVersion: 6
  m_Component:
  - component: {fileID: 1314861659}
  - component: {fileID: 1314861660}
  m_Layer: 0
  m_Name: GameController
  m_TagString: Untagged
  m_Icon: {fileID: 0}
  m_NavMeshLayer: 0
  m_StaticEditorFlags: 0
  m_IsActive: 1
--- !u!4 &1314861659
Transform:
  m_ObjectHideFlags: 0
  m_CorrespondingSourceObject: {fileID: 0}
  m_PrefabInstance: {fileID: 0}
  m_PrefabAsset: {fileID: 0}
  m_GameObject: {fileID: 1314861658}
  m_LocalRotation: {x: 0, y: 0, z: 0, w: 1}
  m_LocalPosition: {x: -5.5491714, y: -2.3600268, z: -2.0292969}
  m_LocalScale: {x: 1, y: 1, z: 1}
  m_Children:
  - {fileID: 1536216704}
  - {fileID: 1281850418}
  - {fileID: 284850949}
  - {fileID: 1409545834}
  - {fileID: 2137910091}
  - {fileID: 1102795210}
  - {fileID: 2061267937}
  - {fileID: 512694620}
  - {fileID: 167984580}
  m_Father: {fileID: 0}
  m_RootOrder: 0
  m_LocalEulerAnglesHint: {x: 0, y: 0, z: 0}
--- !u!114 &1314861660
MonoBehaviour:
  m_ObjectHideFlags: 0
  m_CorrespondingSourceObject: {fileID: 0}
  m_PrefabInstance: {fileID: 0}
  m_PrefabAsset: {fileID: 0}
  m_GameObject: {fileID: 1314861658}
  m_Enabled: 1
  m_EditorHideFlags: 0
  m_Script: {fileID: 11500000, guid: 926fec7f559514d4982a0a75b596972b, type: 3}
  m_Name: 
  m_EditorClassIdentifier: 
  timeleft: 120
  texto: {fileID: 721861664}
  texto2: {fileID: 1850183143}
  carteles:
  - {fileID: 8944324534433782019, guid: 802227d25ec5a474788e10f5e8916b6f, type: 3}
  - {fileID: 4065512813747531286, guid: f7c413759f5ea024d96ee46c00f9c965, type: 3}
  J: {fileID: 2118734159658352761, guid: d50330e3f4fa34d4da8c7b2ab119de72, type: 3}
--- !u!1 &1409545831
GameObject:
  m_ObjectHideFlags: 0
  m_CorrespondingSourceObject: {fileID: 0}
  m_PrefabInstance: {fileID: 0}
  m_PrefabAsset: {fileID: 0}
  serializedVersion: 6
  m_Component:
  - component: {fileID: 1409545834}
  - component: {fileID: 1409545833}
  - component: {fileID: 1409545832}
  m_Layer: 0
  m_Name: EventSystem
  m_TagString: Untagged
  m_Icon: {fileID: 0}
  m_NavMeshLayer: 0
  m_StaticEditorFlags: 0
  m_IsActive: 1
--- !u!114 &1409545832
MonoBehaviour:
  m_ObjectHideFlags: 0
  m_CorrespondingSourceObject: {fileID: 0}
  m_PrefabInstance: {fileID: 0}
  m_PrefabAsset: {fileID: 0}
  m_GameObject: {fileID: 1409545831}
  m_Enabled: 1
  m_EditorHideFlags: 0
  m_Script: {fileID: 11500000, guid: 4f231c4fb786f3946a6b90b886c48677, type: 3}
  m_Name: 
  m_EditorClassIdentifier: 
  m_HorizontalAxis: Horizontal
  m_VerticalAxis: Vertical
  m_SubmitButton: Submit
  m_CancelButton: Cancel
  m_InputActionsPerSecond: 10
  m_RepeatDelay: 0.5
  m_ForceModuleActive: 0
--- !u!114 &1409545833
MonoBehaviour:
  m_ObjectHideFlags: 0
  m_CorrespondingSourceObject: {fileID: 0}
  m_PrefabInstance: {fileID: 0}
  m_PrefabAsset: {fileID: 0}
  m_GameObject: {fileID: 1409545831}
  m_Enabled: 1
  m_EditorHideFlags: 0
  m_Script: {fileID: 11500000, guid: 76c392e42b5098c458856cdf6ecaaaa1, type: 3}
  m_Name: 
  m_EditorClassIdentifier: 
  m_FirstSelected: {fileID: 0}
  m_sendNavigationEvents: 1
  m_DragThreshold: 10
--- !u!4 &1409545834
Transform:
  m_ObjectHideFlags: 0
  m_CorrespondingSourceObject: {fileID: 0}
  m_PrefabInstance: {fileID: 0}
  m_PrefabAsset: {fileID: 0}
  m_GameObject: {fileID: 1409545831}
  m_LocalRotation: {x: -0, y: -0, z: -0, w: 1}
  m_LocalPosition: {x: 5.5491714, y: 2.3600268, z: 2.0292969}
  m_LocalScale: {x: 1, y: 1, z: 1}
  m_Children: []
  m_Father: {fileID: 1314861659}
  m_RootOrder: 3
  m_LocalEulerAnglesHint: {x: 0, y: 0, z: 0}
--- !u!1001 &1450782736
PrefabInstance:
  m_ObjectHideFlags: 0
  serializedVersion: 2
  m_Modification:
    m_TransformParent: {fileID: 2137910091}
    m_Modifications:
    - target: {fileID: 8285412760788378752, guid: 6cf51478fe11af1499fccce35b65831e,
        type: 3}
      propertyPath: m_LocalPosition.x
      value: 439.1
      objectReference: {fileID: 0}
    - target: {fileID: 8285412760788378752, guid: 6cf51478fe11af1499fccce35b65831e,
        type: 3}
      propertyPath: m_LocalPosition.y
      value: 243
      objectReference: {fileID: 0}
    - target: {fileID: 8285412760788378752, guid: 6cf51478fe11af1499fccce35b65831e,
        type: 3}
      propertyPath: m_LocalPosition.z
      value: -2682.8142
      objectReference: {fileID: 0}
    - target: {fileID: 8285412760788378752, guid: 6cf51478fe11af1499fccce35b65831e,
        type: 3}
      propertyPath: m_LocalRotation.x
      value: -0
      objectReference: {fileID: 0}
    - target: {fileID: 8285412760788378752, guid: 6cf51478fe11af1499fccce35b65831e,
        type: 3}
      propertyPath: m_LocalRotation.y
      value: 1
      objectReference: {fileID: 0}
    - target: {fileID: 8285412760788378752, guid: 6cf51478fe11af1499fccce35b65831e,
        type: 3}
      propertyPath: m_LocalRotation.z
      value: -0
      objectReference: {fileID: 0}
    - target: {fileID: 8285412760788378752, guid: 6cf51478fe11af1499fccce35b65831e,
        type: 3}
      propertyPath: m_LocalRotation.w
      value: 0
      objectReference: {fileID: 0}
    - target: {fileID: 8285412760788378752, guid: 6cf51478fe11af1499fccce35b65831e,
        type: 3}
      propertyPath: m_RootOrder
      value: 8
      objectReference: {fileID: 0}
    - target: {fileID: 8285412760788378752, guid: 6cf51478fe11af1499fccce35b65831e,
        type: 3}
      propertyPath: m_LocalEulerAnglesHint.x
      value: 0
      objectReference: {fileID: 0}
    - target: {fileID: 8285412760788378752, guid: 6cf51478fe11af1499fccce35b65831e,
        type: 3}
      propertyPath: m_LocalEulerAnglesHint.y
      value: 180
      objectReference: {fileID: 0}
    - target: {fileID: 8285412760788378752, guid: 6cf51478fe11af1499fccce35b65831e,
        type: 3}
      propertyPath: m_LocalEulerAnglesHint.z
      value: 0
      objectReference: {fileID: 0}
    - target: {fileID: 8285412760788378754, guid: 6cf51478fe11af1499fccce35b65831e,
        type: 3}
      propertyPath: m_Name
      value: IconoSagat
      objectReference: {fileID: 0}
    m_RemovedComponents: []
  m_SourcePrefab: {fileID: 100100000, guid: 6cf51478fe11af1499fccce35b65831e, type: 3}
--- !u!4 &1450782737 stripped
Transform:
  m_CorrespondingSourceObject: {fileID: 8285412760788378752, guid: 6cf51478fe11af1499fccce35b65831e,
    type: 3}
  m_PrefabInstance: {fileID: 1450782736}
  m_PrefabAsset: {fileID: 0}
--- !u!1 &1536216698
GameObject:
  m_ObjectHideFlags: 0
  m_CorrespondingSourceObject: {fileID: 0}
  m_PrefabInstance: {fileID: 0}
  m_PrefabAsset: {fileID: 0}
  serializedVersion: 6
  m_Component:
  - component: {fileID: 1536216704}
  - component: {fileID: 1536216703}
  - component: {fileID: 1536216702}
  - component: {fileID: 1536216701}
  - component: {fileID: 1536216700}
  m_Layer: 0
  m_Name: Square (4)
  m_TagString: suelo
  m_Icon: {fileID: 0}
  m_NavMeshLayer: 0
  m_StaticEditorFlags: 0
  m_IsActive: 1
--- !u!233 &1536216700
HingeJoint2D:
  m_ObjectHideFlags: 0
  m_CorrespondingSourceObject: {fileID: 0}
  m_PrefabInstance: {fileID: 0}
  m_PrefabAsset: {fileID: 0}
  m_GameObject: {fileID: 1536216698}
  m_Enabled: 1
  serializedVersion: 4
  m_EnableCollision: 0
  m_ConnectedRigidBody: {fileID: 0}
  m_BreakForce: Infinity
  m_BreakTorque: Infinity
  m_AutoConfigureConnectedAnchor: 1
  m_Anchor: {x: 0, y: 0}
  m_ConnectedAnchor: {x: -0.2329998, y: -0.28999996}
  m_UseMotor: 0
  m_Motor:
    m_MotorSpeed: 0
    m_MaximumMotorForce: 10000
  m_UseLimits: 0
  m_AngleLimits:
    m_LowerAngle: 0
    m_UpperAngle: 359
--- !u!50 &1536216701
Rigidbody2D:
  serializedVersion: 4
  m_ObjectHideFlags: 0
  m_CorrespondingSourceObject: {fileID: 0}
  m_PrefabInstance: {fileID: 0}
  m_PrefabAsset: {fileID: 0}
  m_GameObject: {fileID: 1536216698}
  m_BodyType: 0
  m_Simulated: 1
  m_UseFullKinematicContacts: 0
  m_UseAutoMass: 0
  m_Mass: 1
  m_LinearDrag: 0
  m_AngularDrag: 0.05
  m_GravityScale: 1
  m_Material: {fileID: 0}
  m_Interpolate: 0
  m_SleepingMode: 1
  m_CollisionDetection: 0
  m_Constraints: 0
--- !u!61 &1536216702
BoxCollider2D:
  m_ObjectHideFlags: 0
  m_CorrespondingSourceObject: {fileID: 0}
  m_PrefabInstance: {fileID: 0}
  m_PrefabAsset: {fileID: 0}
  m_GameObject: {fileID: 1536216698}
  m_Enabled: 1
  m_Density: 1
  m_Material: {fileID: 0}
  m_IsTrigger: 0
  m_UsedByEffector: 1
  m_UsedByComposite: 0
  m_Offset: {x: 0, y: 0}
  m_SpriteTilingProperty:
    border: {x: 0, y: 0, z: 0, w: 0}
    pivot: {x: 0.5, y: 0.5}
    oldSize: {x: 1, y: 1}
    newSize: {x: 1, y: 1}
    adaptiveTilingThreshold: 0.5
    drawMode: 0
    adaptiveTiling: 0
  m_AutoTiling: 0
  serializedVersion: 2
  m_Size: {x: 1, y: 1}
  m_EdgeRadius: 0
--- !u!212 &1536216703
SpriteRenderer:
  m_ObjectHideFlags: 0
  m_CorrespondingSourceObject: {fileID: 0}
  m_PrefabInstance: {fileID: 0}
  m_PrefabAsset: {fileID: 0}
  m_GameObject: {fileID: 1536216698}
  m_Enabled: 1
  m_CastShadows: 0
  m_ReceiveShadows: 0
  m_DynamicOccludee: 1
  m_MotionVectors: 1
  m_LightProbeUsage: 1
  m_ReflectionProbeUsage: 1
  m_RayTracingMode: 0
  m_RenderingLayerMask: 1
  m_RendererPriority: 0
  m_Materials:
  - {fileID: 10754, guid: 0000000000000000f000000000000000, type: 0}
  m_StaticBatchInfo:
    firstSubMesh: 0
    subMeshCount: 0
  m_StaticBatchRoot: {fileID: 0}
  m_ProbeAnchor: {fileID: 0}
  m_LightProbeVolumeOverride: {fileID: 0}
  m_ScaleInLightmap: 1
  m_ReceiveGI: 1
  m_PreserveUVs: 0
  m_IgnoreNormalsForChartDetection: 0
  m_ImportantGI: 0
  m_StitchLightmapSeams: 1
  m_SelectedEditorRenderState: 0
  m_MinimumChartSize: 4
  m_AutoUVMaxDistance: 0.5
  m_AutoUVMaxAngle: 89
  m_LightmapParameters: {fileID: 0}
  m_SortingLayerID: 0
  m_SortingLayer: 0
  m_SortingOrder: 0
  m_Sprite: {fileID: 21300000, guid: f531d1eae2f47a54fa9f4facb3ff8d82, type: 3}
  m_Color: {r: 0.62352943, g: 1, b: 1, a: 0.7176471}
  m_FlipX: 0
  m_FlipY: 0
  m_DrawMode: 0
  m_Size: {x: 1, y: 1}
  m_AdaptiveModeThreshold: 0.5
  m_SpriteTileMode: 0
  m_WasSpriteAssigned: 1
  m_MaskInteraction: 0
  m_SpriteSortPoint: 0
--- !u!4 &1536216704
Transform:
  m_ObjectHideFlags: 0
  m_CorrespondingSourceObject: {fileID: 0}
  m_PrefabInstance: {fileID: 0}
  m_PrefabAsset: {fileID: 0}
  m_GameObject: {fileID: 1536216698}
  m_LocalRotation: {x: -0, y: -0, z: -0, w: 1}
  m_LocalPosition: {x: 5.3161716, y: 2.0700269, z: 2.0292969}
  m_LocalScale: {x: 5.2435284, y: 1, z: 1}
  m_Children: []
  m_Father: {fileID: 1314861659}
  m_RootOrder: 0
  m_LocalEulerAnglesHint: {x: 0, y: 0, z: 0}
--- !u!1001 &1578621685
PrefabInstance:
  m_ObjectHideFlags: 0
  serializedVersion: 2
  m_Modification:
    m_TransformParent: {fileID: 2137910091}
    m_Modifications:
    - target: {fileID: 265396397183279592, guid: 24770dd5f35c2ae43b753d8fe1e6d134,
        type: 3}
      propertyPath: m_Name
      value: BonusJin
      objectReference: {fileID: 0}
    - target: {fileID: 265396397183279593, guid: 24770dd5f35c2ae43b753d8fe1e6d134,
        type: 3}
      propertyPath: m_LocalPosition.x
      value: 0
      objectReference: {fileID: 0}
    - target: {fileID: 265396397183279593, guid: 24770dd5f35c2ae43b753d8fe1e6d134,
        type: 3}
      propertyPath: m_LocalPosition.y
      value: 0
      objectReference: {fileID: 0}
    - target: {fileID: 265396397183279593, guid: 24770dd5f35c2ae43b753d8fe1e6d134,
        type: 3}
      propertyPath: m_LocalPosition.z
      value: 0
      objectReference: {fileID: 0}
    - target: {fileID: 265396397183279593, guid: 24770dd5f35c2ae43b753d8fe1e6d134,
        type: 3}
      propertyPath: m_LocalRotation.x
      value: 0
      objectReference: {fileID: 0}
    - target: {fileID: 265396397183279593, guid: 24770dd5f35c2ae43b753d8fe1e6d134,
        type: 3}
      propertyPath: m_LocalRotation.y
      value: 0
      objectReference: {fileID: 0}
    - target: {fileID: 265396397183279593, guid: 24770dd5f35c2ae43b753d8fe1e6d134,
        type: 3}
      propertyPath: m_LocalRotation.z
      value: 0
      objectReference: {fileID: 0}
    - target: {fileID: 265396397183279593, guid: 24770dd5f35c2ae43b753d8fe1e6d134,
        type: 3}
      propertyPath: m_LocalRotation.w
      value: 1
      objectReference: {fileID: 0}
    - target: {fileID: 265396397183279593, guid: 24770dd5f35c2ae43b753d8fe1e6d134,
        type: 3}
      propertyPath: m_RootOrder
      value: 1
      objectReference: {fileID: 0}
    - target: {fileID: 265396397183279593, guid: 24770dd5f35c2ae43b753d8fe1e6d134,
        type: 3}
      propertyPath: m_LocalEulerAnglesHint.x
      value: 0
      objectReference: {fileID: 0}
    - target: {fileID: 265396397183279593, guid: 24770dd5f35c2ae43b753d8fe1e6d134,
        type: 3}
      propertyPath: m_LocalEulerAnglesHint.y
      value: 0
      objectReference: {fileID: 0}
    - target: {fileID: 265396397183279593, guid: 24770dd5f35c2ae43b753d8fe1e6d134,
        type: 3}
      propertyPath: m_LocalEulerAnglesHint.z
      value: 0
      objectReference: {fileID: 0}
    - target: {fileID: 265396397183279593, guid: 24770dd5f35c2ae43b753d8fe1e6d134,
        type: 3}
      propertyPath: m_AnchoredPosition.x
      value: -361
      objectReference: {fileID: 0}
    - target: {fileID: 265396397183279593, guid: 24770dd5f35c2ae43b753d8fe1e6d134,
        type: 3}
      propertyPath: m_AnchoredPosition.y
      value: 241
      objectReference: {fileID: 0}
    - target: {fileID: 265396397183279593, guid: 24770dd5f35c2ae43b753d8fe1e6d134,
        type: 3}
      propertyPath: m_SizeDelta.x
      value: 100
      objectReference: {fileID: 0}
    - target: {fileID: 265396397183279593, guid: 24770dd5f35c2ae43b753d8fe1e6d134,
        type: 3}
      propertyPath: m_SizeDelta.y
      value: 33
      objectReference: {fileID: 0}
    - target: {fileID: 265396397183279593, guid: 24770dd5f35c2ae43b753d8fe1e6d134,
        type: 3}
      propertyPath: m_AnchorMin.x
      value: 0.5
      objectReference: {fileID: 0}
    - target: {fileID: 265396397183279593, guid: 24770dd5f35c2ae43b753d8fe1e6d134,
        type: 3}
      propertyPath: m_AnchorMin.y
      value: 0.5
      objectReference: {fileID: 0}
    - target: {fileID: 265396397183279593, guid: 24770dd5f35c2ae43b753d8fe1e6d134,
        type: 3}
      propertyPath: m_AnchorMax.x
      value: 0.5
      objectReference: {fileID: 0}
    - target: {fileID: 265396397183279593, guid: 24770dd5f35c2ae43b753d8fe1e6d134,
        type: 3}
      propertyPath: m_AnchorMax.y
      value: 0.5
      objectReference: {fileID: 0}
    - target: {fileID: 265396397183279593, guid: 24770dd5f35c2ae43b753d8fe1e6d134,
        type: 3}
      propertyPath: m_Pivot.x
      value: 0.5
      objectReference: {fileID: 0}
    - target: {fileID: 265396397183279593, guid: 24770dd5f35c2ae43b753d8fe1e6d134,
        type: 3}
      propertyPath: m_Pivot.y
      value: 0.5
      objectReference: {fileID: 0}
    m_RemovedComponents: []
  m_SourcePrefab: {fileID: 100100000, guid: 24770dd5f35c2ae43b753d8fe1e6d134, type: 3}
--- !u!224 &1578621686 stripped
RectTransform:
  m_CorrespondingSourceObject: {fileID: 265396397183279593, guid: 24770dd5f35c2ae43b753d8fe1e6d134,
    type: 3}
  m_PrefabInstance: {fileID: 1578621685}
  m_PrefabAsset: {fileID: 0}
--- !u!1001 &1819533849
PrefabInstance:
  m_ObjectHideFlags: 0
  serializedVersion: 2
  m_Modification:
    m_TransformParent: {fileID: 2137910091}
    m_Modifications:
    - target: {fileID: 520734321507589684, guid: 637089e86d7a48040861169b596561d1,
        type: 3}
      propertyPath: m_Name
      value: BarraDeVidaJin
      objectReference: {fileID: 0}
    - target: {fileID: 4268040121875228563, guid: 637089e86d7a48040861169b596561d1,
        type: 3}
      propertyPath: m_LocalPosition.x
      value: 0
      objectReference: {fileID: 0}
    - target: {fileID: 4268040121875228563, guid: 637089e86d7a48040861169b596561d1,
        type: 3}
      propertyPath: m_LocalPosition.y
      value: 0
      objectReference: {fileID: 0}
    - target: {fileID: 4268040121875228563, guid: 637089e86d7a48040861169b596561d1,
        type: 3}
      propertyPath: m_LocalPosition.z
      value: 0
      objectReference: {fileID: 0}
    - target: {fileID: 4268040121875228563, guid: 637089e86d7a48040861169b596561d1,
        type: 3}
      propertyPath: m_LocalRotation.x
      value: -0
      objectReference: {fileID: 0}
    - target: {fileID: 4268040121875228563, guid: 637089e86d7a48040861169b596561d1,
        type: 3}
      propertyPath: m_LocalRotation.y
      value: -0
      objectReference: {fileID: 0}
    - target: {fileID: 4268040121875228563, guid: 637089e86d7a48040861169b596561d1,
        type: 3}
      propertyPath: m_LocalRotation.z
      value: -0
      objectReference: {fileID: 0}
    - target: {fileID: 4268040121875228563, guid: 637089e86d7a48040861169b596561d1,
        type: 3}
      propertyPath: m_LocalRotation.w
      value: 1
      objectReference: {fileID: 0}
    - target: {fileID: 4268040121875228563, guid: 637089e86d7a48040861169b596561d1,
        type: 3}
      propertyPath: m_RootOrder
      value: 5
      objectReference: {fileID: 0}
    - target: {fileID: 4268040121875228563, guid: 637089e86d7a48040861169b596561d1,
        type: 3}
      propertyPath: m_LocalEulerAnglesHint.x
      value: 0
      objectReference: {fileID: 0}
    - target: {fileID: 4268040121875228563, guid: 637089e86d7a48040861169b596561d1,
        type: 3}
      propertyPath: m_LocalEulerAnglesHint.y
      value: 0
      objectReference: {fileID: 0}
    - target: {fileID: 4268040121875228563, guid: 637089e86d7a48040861169b596561d1,
        type: 3}
      propertyPath: m_LocalEulerAnglesHint.z
      value: 0
      objectReference: {fileID: 0}
    - target: {fileID: 4268040121875228563, guid: 637089e86d7a48040861169b596561d1,
        type: 3}
      propertyPath: m_AnchoredPosition.x
      value: -25.634016
      objectReference: {fileID: 0}
    - target: {fileID: 4268040121875228563, guid: 637089e86d7a48040861169b596561d1,
        type: 3}
      propertyPath: m_AnchoredPosition.y
      value: 88
      objectReference: {fileID: 0}
    - target: {fileID: 4268040121875228563, guid: 637089e86d7a48040861169b596561d1,
        type: 3}
      propertyPath: m_SizeDelta.x
      value: 100
      objectReference: {fileID: 0}
    - target: {fileID: 4268040121875228563, guid: 637089e86d7a48040861169b596561d1,
        type: 3}
      propertyPath: m_SizeDelta.y
      value: 100
      objectReference: {fileID: 0}
    - target: {fileID: 4268040121875228563, guid: 637089e86d7a48040861169b596561d1,
        type: 3}
      propertyPath: m_AnchorMin.x
      value: 0.5
      objectReference: {fileID: 0}
    - target: {fileID: 4268040121875228563, guid: 637089e86d7a48040861169b596561d1,
        type: 3}
      propertyPath: m_AnchorMin.y
      value: 0.5
      objectReference: {fileID: 0}
    - target: {fileID: 4268040121875228563, guid: 637089e86d7a48040861169b596561d1,
        type: 3}
      propertyPath: m_AnchorMax.x
      value: 0.5
      objectReference: {fileID: 0}
    - target: {fileID: 4268040121875228563, guid: 637089e86d7a48040861169b596561d1,
        type: 3}
      propertyPath: m_AnchorMax.y
      value: 0.5
      objectReference: {fileID: 0}
    - target: {fileID: 4268040121875228563, guid: 637089e86d7a48040861169b596561d1,
        type: 3}
      propertyPath: m_Pivot.x
      value: 0.5
      objectReference: {fileID: 0}
    - target: {fileID: 4268040121875228563, guid: 637089e86d7a48040861169b596561d1,
        type: 3}
      propertyPath: m_Pivot.y
      value: 0.5
      objectReference: {fileID: 0}
    m_RemovedComponents: []
  m_SourcePrefab: {fileID: 100100000, guid: 637089e86d7a48040861169b596561d1, type: 3}
--- !u!224 &1819533850 stripped
RectTransform:
  m_CorrespondingSourceObject: {fileID: 4268040121875228563, guid: 637089e86d7a48040861169b596561d1,
    type: 3}
  m_PrefabInstance: {fileID: 1819533849}
  m_PrefabAsset: {fileID: 0}
--- !u!114 &1850183143 stripped
MonoBehaviour:
  m_CorrespondingSourceObject: {fileID: 8277946115348628589, guid: 5f22d3fa420b361419a563ec36125b82,
    type: 3}
  m_PrefabInstance: {fileID: 1101140679}
  m_PrefabAsset: {fileID: 0}
  m_GameObject: {fileID: 0}
  m_Enabled: 1
  m_EditorHideFlags: 0
  m_Script: {fileID: 11500000, guid: 5f7201a12d95ffc409449d95f23cf332, type: 3}
  m_Name: 
  m_EditorClassIdentifier: 
--- !u!1 &2061267930 stripped
GameObject:
  m_CorrespondingSourceObject: {fileID: 4700168726437316784, guid: 90d2a34be1b15274586c74eed1beaefd,
    type: 3}
  m_PrefabInstance: {fileID: 938234381}
  m_PrefabAsset: {fileID: 0}
--- !u!4 &2061267937 stripped
Transform:
  m_CorrespondingSourceObject: {fileID: 4700168726437316786, guid: 90d2a34be1b15274586c74eed1beaefd,
    type: 3}
  m_PrefabInstance: {fileID: 938234381}
  m_PrefabAsset: {fileID: 0}
--- !u!1 &2137910087
GameObject:
  m_ObjectHideFlags: 0
  m_CorrespondingSourceObject: {fileID: 0}
  m_PrefabInstance: {fileID: 0}
  m_PrefabAsset: {fileID: 0}
  serializedVersion: 6
  m_Component:
  - component: {fileID: 2137910091}
  - component: {fileID: 2137910090}
  - component: {fileID: 2137910089}
  - component: {fileID: 2137910088}
  m_Layer: 5
  m_Name: Canvas
  m_TagString: Untagged
  m_Icon: {fileID: 0}
  m_NavMeshLayer: 0
  m_StaticEditorFlags: 0
  m_IsActive: 1
--- !u!114 &2137910088
MonoBehaviour:
  m_ObjectHideFlags: 0
  m_CorrespondingSourceObject: {fileID: 0}
  m_PrefabInstance: {fileID: 0}
  m_PrefabAsset: {fileID: 0}
  m_GameObject: {fileID: 2137910087}
  m_Enabled: 1
  m_EditorHideFlags: 0
  m_Script: {fileID: 11500000, guid: dc42784cf147c0c48a680349fa168899, type: 3}
  m_Name: 
  m_EditorClassIdentifier: 
  m_IgnoreReversedGraphics: 1
  m_BlockingObjects: 0
  m_BlockingMask:
    serializedVersion: 2
    m_Bits: 4294967295
--- !u!114 &2137910089
MonoBehaviour:
  m_ObjectHideFlags: 0
  m_CorrespondingSourceObject: {fileID: 0}
  m_PrefabInstance: {fileID: 0}
  m_PrefabAsset: {fileID: 0}
  m_GameObject: {fileID: 2137910087}
  m_Enabled: 1
  m_EditorHideFlags: 0
  m_Script: {fileID: 11500000, guid: 0cd44c1031e13a943bb63640046fad76, type: 3}
  m_Name: 
  m_EditorClassIdentifier: 
  m_UiScaleMode: 0
  m_ReferencePixelsPerUnit: 100
  m_ScaleFactor: 1
  m_ReferenceResolution: {x: 800, y: 600}
  m_ScreenMatchMode: 0
  m_MatchWidthOrHeight: 0
  m_PhysicalUnit: 3
  m_FallbackScreenDPI: 96
  m_DefaultSpriteDPI: 96
  m_DynamicPixelsPerUnit: 1
--- !u!223 &2137910090
Canvas:
  m_ObjectHideFlags: 0
  m_CorrespondingSourceObject: {fileID: 0}
  m_PrefabInstance: {fileID: 0}
  m_PrefabAsset: {fileID: 0}
  m_GameObject: {fileID: 2137910087}
  m_Enabled: 1
  serializedVersion: 3
  m_RenderMode: 1
  m_Camera: {fileID: 512694619}
  m_PlaneDistance: 100
  m_PixelPerfect: 0
  m_ReceivesEvents: 1
  m_OverrideSorting: 0
  m_OverridePixelPerfect: 0
  m_SortingBucketNormalizedSize: 0
  m_AdditionalShaderChannelsFlag: 0
  m_SortingLayerID: 0
  m_SortingOrder: 0
  m_TargetDisplay: 0
--- !u!224 &2137910091
RectTransform:
  m_ObjectHideFlags: 0
  m_CorrespondingSourceObject: {fileID: 0}
  m_PrefabInstance: {fileID: 0}
  m_PrefabAsset: {fileID: 0}
  m_GameObject: {fileID: 2137910087}
  m_LocalRotation: {x: 0, y: 0, z: 0, w: 1}
  m_LocalPosition: {x: 0, y: 0, z: 0}
  m_LocalScale: {x: 0, y: 0, z: 0}
  m_Children:
  - {fileID: 479410820}
  - {fileID: 1578621686}
  - {fileID: 803051317}
  - {fileID: 296206710}
  - {fileID: 1101140680}
  - {fileID: 1819533850}
  - {fileID: 1218654720}
  - {fileID: 1176618330}
  - {fileID: 1450782737}
  - {fileID: 910248159}
  m_Father: {fileID: 1314861659}
  m_RootOrder: 4
  m_LocalEulerAnglesHint: {x: 0, y: 0, z: 0}
  m_AnchorMin: {x: 0, y: 0}
  m_AnchorMax: {x: 0, y: 0}
  m_AnchoredPosition: {x: 0, y: 0}
  m_SizeDelta: {x: 0, y: 0}
  m_Pivot: {x: 0, y: 0}
